<record><leader>00000cas a22000007a 4500</leader><controlfield tag="001">10266871</controlfield><controlfield tag="008">840105d18631882nvudn ne      0    0eng d</controlfield><datafield ind1=" " ind2=" " tag="010"><subfield code="a">sn 84022046 </subfield></datafield><datafield ind1=" " ind2=" " tag="040"><subfield code="a">NPX</subfield><subfield code="b">eng</subfield><subfield code="c">NPX</subfield><subfield code="d">DLC</subfield><subfield code="d">NPU</subfield><subfield code="d">DLC</subfield><subfield code="d">NNX</subfield><subfield code="d">CNK</subfield><subfield code="d">MGN</subfield><subfield code="d">CNW</subfield><subfield code="d">OCL</subfield><subfield code="d">OCLCG</subfield><subfield code="d">DLC</subfield><subfield code="d">OCLCF</subfield><subfield code="d">OCLCO</subfield></datafield><datafield ind1="1" ind2=" " tag="029"><subfield code="a">AU@</subfield><subfield code="b">000025813683</subfield></datafield><datafield ind1=" " ind2=" " tag="042"><subfield code="a">msc</subfield></datafield><datafield ind1=" " ind2=" " tag="043"><subfield code="a">n-us-nv</subfield></datafield><datafield ind1="0" ind2="0" tag="050"><subfield code="a">Newspaper 8693</subfield></datafield><datafield ind1="0" ind2="0" tag="245"><subfield code="a">Gold Hill daily news.</subfield></datafield><datafield ind1="1" ind2="7" tag="246"><subfield code="a">Evening news</subfield></datafield><datafield ind1=" " ind2=" " tag="260"><subfield code="a">Gold Hill, N.T. [Nev.] :</subfield><subfield code="b">Lynch &amp; Mundall,</subfield></datafield><datafield ind1=" " ind2=" " tag="300"><subfield code="a">v. ;</subfield><subfield code="c">59 cm.</subfield></datafield><datafield ind1=" " ind2=" " tag="310"><subfield code="a">Daily (except Sun.)</subfield></datafield><datafield ind1="0" ind2=" " tag="362"><subfield code="a">Vol. 1, no. 1 (Oct. 12, 1863)-v. 37, no. 5716 (Apr. 8, 1882).</subfield></datafield><datafield ind1=" " ind2=" " tag="500"><subfield code="a">Editors: H.R. Hawkins, 1863-1865; C.A. Sumner, 1865-&lt;1867&gt;; A. Doten, &lt;1867-1878&gt;.</subfield></datafield><datafield ind1=" " ind2=" " tag="500"><subfield code="a">Publisher: Alf. Doten, 1872-&lt;1878&gt;.</subfield></datafield><datafield ind1=" " ind2=" " tag="500"><subfield code="a">Territorial Enterprise Index, cardfile at Nev. Hist. Soc.; selectively indexes Gold Hill daily news.</subfield></datafield><datafield ind1=" " ind2=" " tag="500"><subfield code="a">Republican. Cf. Hist. of Nev., 1881.</subfield></datafield><datafield ind1=" " ind2="0" tag="651"><subfield code="a">Gold Hill (Nev.)</subfield><subfield code="v">Newspapers.</subfield></datafield><datafield ind1=" " ind2="7" tag="655"><subfield code="a">Newspapers.</subfield><subfield code="2">fast</subfield><subfield code="0">(OCoLC)fst01423814</subfield></datafield><datafield ind1=" " ind2="7" tag="651"><subfield code="a">Nevada</subfield><subfield code="z">Gold Hill.</subfield><subfield code="2">fast</subfield><subfield code="0">(OCoLC)fst01272383</subfield></datafield><datafield ind1="1" ind2=" " tag="700"><subfield code="a">Hawkins, Hiram R.</subfield></datafield><datafield ind1="1" ind2=" " tag="700"><subfield code="a">Sumner, Charles A.</subfield><subfield code="q">(Charles Allen),</subfield><subfield code="d">1835-1903.</subfield></datafield><datafield ind1="1" ind2=" " tag="700"><subfield code="a">Doten, Alfred,</subfield><subfield code="d">1829-1903.</subfield></datafield><datafield ind1=" " ind2=" " tag="752"><subfield code="a">United States</subfield><subfield code="b">Nevada</subfield><subfield code="c">Storey</subfield><subfield code="d">Gold Hill.</subfield></datafield></record>